@inproceedings{erling2015social,
  author    = {Orri Erling and
               Alex Averbuch and
               Josep{-}Lluis Larriba{-}Pey and
               Hassan Chafi and
               Andrey Gubichev and
               Arnau Prat{-}P{\'{e}}rez and
               Minh{-}Duc Pham and
               Peter A. Boncz},
  title     = {The {LDBC} Social Network Benchmark: Interactive Workload},
  booktitle = {Proceedings of the 2015 {ACM} {SIGMOD} International Conference on
               Management of Data, Melbourne, Victoria, Australia, May 31 - June
               4, 2015},
  pages     = {619--630},
  year      = {2015},
  crossref  = {DBLP:conf/sigmod/2015},
  url       = {http://doi.acm.org/10.1145/2723372.2742786},
  doi       = {10.1145/2723372.2742786},
  timestamp = {Thu, 12 Nov 2015 16:33:38 +0100},
  biburl    = {http://dblp.uni-trier.de/rec/bib/conf/sigmod/ErlingALCGPPB15},
  bibsource = {dblp computer science bibliography, http://dblp.org}
}

@proceedings{DBLP:conf/sigmod/2015,
  editor    = {Timos K. Sellis and
               Susan B. Davidson and
               Zachary G. Ives},
  title     = {Proceedings of the 2015 {ACM} {SIGMOD} International Conference on
               Management of Data, Melbourne, Victoria, Australia, May 31 - June
               4, 2015},
  publisher = {{ACM}},
  year      = {2015},
  url       = {http://dl.acm.org/citation.cfm?id=2723372},
  isbn      = {978-1-4503-2758-9},
  timestamp = {Thu, 12 Nov 2015 16:33:38 +0100},
  biburl    = {http://dblp.uni-trier.de/rec/bib/conf/sigmod/2015},
  bibsource = {dblp computer science bibliography, http://dblp.org}
}

@inproceedings{jerzak2015debs,
  author    = {Zbigniew Jerzak and
               Holger Ziekow},
  title     = {The {DEBS} 2015 {G}rand {C}hallenge},
  booktitle = {Proceedings of the 9th {ACM} International Conference on Distributed
               Event-Based Systems, {DEBS} '15, Oslo, Norway, June 29 - July 3, 2015},
  pages     = {266--268},
  year      = {2015},
  crossref  = {DBLP:conf/debs/2015},
  url       = {http://doi.acm.org/10.1145/2675743.2772598},
  doi       = {10.1145/2675743.2772598},
  timestamp = {Fri, 26 Jun 2015 09:20:56 +0200},
  biburl    = {http://dblp.uni-trier.de/rec/bib/conf/debs/JerzakZ15},
  bibsource = {dblp computer science bibliography, http://dblp.org}
}


@proceedings{DBLP:conf/debs/2015,
  editor    = {Frank Eliassen and
               Roman Vitenberg},
  title     = {Proceedings of the 9th {ACM} International Conference on Distributed
               Event-Based Systems, {DEBS} '15, Oslo, Norway, June 29 - July 3, 2015},
  publisher = {{ACM}},
  year      = {2015},
  url       = {http://dl.acm.org/citation.cfm?id=2675743},
  isbn      = {978-1-4503-3286-6},
  timestamp = {Fri, 26 Jun 2015 09:10:25 +0200},
  biburl    = {http://dblp.uni-trier.de/rec/bib/conf/debs/2015},
  bibsource = {dblp computer science bibliography, http://dblp.org}
}

@inproceedings{jerzak2014debs,
  author    = {Zbigniew Jerzak and
               Holger Ziekow},
  title     = {The {DEBS} 2014 grand challenge},
  booktitle = {The 8th {ACM} International Conference on Distributed Event-Based
               Systems, {DEBS} '14, Mumbai, India, May 26-29, 2014},
  pages     = {266--269},
  year      = {2014},
  crossref  = {DBLP:conf/debs/2014},
  url       = {http://doi.acm.org/10.1145/2611286.2611333},
  doi       = {10.1145/2611286.2611333},
  timestamp = {Fri, 30 May 2014 08:18:42 +0200},
  biburl    = {http://dblp.uni-trier.de/rec/bib/conf/debs/JerzakZ14},
  bibsource = {dblp computer science bibliography, http://dblp.org}
}

@proceedings{DBLP:conf/debs/2014,
  editor    = {Umesh Bellur and
               Ravi Kothari},
  title     = {The 8th {ACM} International Conference on Distributed Event-Based
               Systems, {DEBS} '14, Mumbai, India, May 26-29, 2014},
  publisher = {{ACM}},
  year      = {2014},
  url       = {http://dl.acm.org/citation.cfm?id=2611286},
  isbn      = {978-1-4503-2737-4},
  timestamp = {Fri, 30 May 2014 08:07:17 +0200},
  biburl    = {http://dblp.uni-trier.de/rec/bib/conf/debs/2014},
  bibsource = {dblp computer science bibliography, http://dblp.org}
}

@inproceedings{mutschler2013debs,
  author    = {Christopher Mutschler and
               Holger Ziekow and
               Zbigniew Jerzak},
  title     = {The {DEBS} 2013 grand challenge},
  booktitle = {The 7th {ACM} International Conference on Distributed Event-Based
               Systems, {DEBS} '13, Arlington, TX, {USA} - June 29 - July 03, 2013},
  pages     = {289--294},
  year      = {2013},
  crossref  = {DBLP:conf/debs/2013},
  url       = {http://doi.acm.org/10.1145/2488222.2488283},
  doi       = {10.1145/2488222.2488283},
  timestamp = {Tue, 09 Jul 2013 20:25:39 +0200},
  biburl    = {http://dblp.uni-trier.de/rec/bib/conf/debs/MutschlerZJ13},
  bibsource = {dblp computer science bibliography, http://dblp.org}
}

@proceedings{DBLP:conf/debs/2013,
  editor    = {Sharma Chakravarthy and
               Susan Darling Urban and
               Peter Pietzuch and
               Elke A. Rundensteiner},
  title     = {The 7th {ACM} International Conference on Distributed Event-Based
               Systems, {DEBS} '13, Arlington, TX, {USA} - June 29 - July 03, 2013},
  publisher = {{ACM}},
  year      = {2013},
  url       = {http://dl.acm.org/citation.cfm?id=2488222},
  isbn      = {978-1-4503-1758-0},
  timestamp = {Tue, 09 Jul 2013 20:21:21 +0200},
  biburl    = {http://dblp.uni-trier.de/rec/bib/conf/debs/2013},
  bibsource = {dblp computer science bibliography, http://dblp.org}
}

@inproceedings{jerzak2012debs,
  author    = {Zbigniew Jerzak and
               Thomas Heinze and
               Matthias Fehr and
               Daniel Gr{\"{o}}ber and
               Raik Hartung and
               Nenad Stojanovic},
  title     = {The {DEBS} 2012 grand challenge},
  booktitle = {Proceedings of the Sixth {ACM} International Conference on Distributed
               Event-Based Systems, {DEBS} 2012, Berlin, Germany, July 16-20, 2012},
  pages     = {393--398},
  year      = {2012},
  crossref  = {DBLP:conf/debs/2012},
  url       = {http://doi.acm.org/10.1145/2335484.2335536},
  doi       = {10.1145/2335484.2335536},
  timestamp = {Fri, 07 Sep 2012 11:05:52 +0200},
  biburl    = {http://dblp.uni-trier.de/rec/bib/conf/debs/JerzakHFGHS12},
  bibsource = {dblp computer science bibliography, http://dblp.org}
}

@proceedings{DBLP:conf/debs/2012,
  editor    = {Fran{\c{c}}ois Bry and
               Adrian Paschke and
               Patrick Th. Eugster and
               Christof Fetzer and
               Andreas Behrend},
  title     = {Proceedings of the Sixth {ACM} International Conference on Distributed
               Event-Based Systems, {DEBS} 2012, Berlin, Germany, July 16-20, 2012},
  publisher = {{ACM}},
  year      = {2012},
  url       = {http://dl.acm.org/citation.cfm?id=2335484},
  isbn      = {978-1-4503-1315-5},
  timestamp = {Fri, 07 Sep 2012 11:05:52 +0200},
  biburl    = {http://dblp.uni-trier.de/rec/bib/conf/debs/2012},
  bibsource = {dblp computer science bibliography, http://dblp.org}
}


@article{peuquet1995event,
	title={An event-based spatiotemporal data model (ESTDM) for temporal analysis of geographical data},
	author={Peuquet, Donna J and Duan, Niu},
	journal={International journal of geographical information systems},
	volume={9},
	number={1},
	pages={7--24},
	year={1995},
	publisher={Taylor \& Francis}
}

@inproceedings{mamoulis2004mining,
	title={Mining, indexing, and querying historical spatiotemporal data},
	author={Mamoulis, Nikos and Cao, Huiping and Kollios, George and Hadjieleftheriou, Marios and Tao, Yufei and Cheung, David W},
	booktitle={Proceedings of the tenth ACM SIGKDD international conference on Knowledge discovery and data mining},
	pages={236--245},
	year={2004},
	organization={ACM}
}

@inproceedings{mokbel2004sina,
	title={Sina: Scalable incremental processing of continuous queries in spatio-temporal databases},
	author={Mokbel, Mohamed F and Xiong, Xiaopeing and Aref, Walid G},
	booktitle={Proceedings of the 2004 ACM SIGMOD international conference on Management of data},
	pages={623--634},
	year={2004},
	organization={ACM}
}

@article{ilyas2008survey,
	title={A survey of top-k query processing techniques in relational database systems},
	author={Ilyas, Ihab F and Beskales, George and Soliman, Mohamed A},
	journal={ACM Computing Surveys (CSUR)},
	volume={40},
	number={4},
	pages={11},
	year={2008},
	publisher={ACM}
}